%% This BibTeX bibliography file was created using BibDesk.
%% http://bibdesk.sourceforge.net/

%% Created for Francesco Argentieri at 2018-11-06 16:32:34 +0100 


%% Saved with string encoding Unicode (UTF-8) 



@book{raschka2016machine,
	Author = {Raschka, S.},
	Isbn = {9788850333974},
	Publisher = {Apogeo},
	Series = {Guida completa},
	Title = {Machine learning con Python. Costruire algoritmi per generare conoscenza},
	Url = {https://books.google.it/books?id=G7OvDAEACAAJ},
	Year = {2016},
	Bdsk-Url-1 = {https://books.google.it/books?id=G7OvDAEACAAJ}}

@misc{chollet2015keras,
	Author = {Chollet, Fran\c{c}ois and others},
	Title = {Keras},
	Url = {https://keras.io},
	Year = {2015},
	Bdsk-Url-1 = {https://keras.io}}

@book{api,
	Author = {Reddy, M.},
	Isbn = {9780123850041},
	Publisher = {Elsevier Science},
	Title = {API Design for C++},
	Url = {https://books.google.it/books?id=IY29LylT85wC},
	Year = {2011},
	Bdsk-Url-1 = {https://books.google.it/books?id=IY29LylT85wC}}

@misc{intel,
	Author = {Intel},
	Title = {Movidius},
	Url = {https://www.movidius.com/myriad2},
	Year = {2016},
	Bdsk-Url-1 = {https://www.movidius.com/myriad2}}

@book{backend,
  title={A Dictionary of Computer Science},
  author={Butterfield, A. and Ngondi, G.E. and Kerr, A.},
  isbn={9780199688975},
  lccn={2015952805},
  series={Oxford Paperback Reference},
  url={https://books.google.it/books?id=GDgICwAAQBAJ},
  year={2016},
  publisher={Oxford University Press}
}
